@thesis{rest,
	author = {Roy Thomas Fielding},
	title = {Architectural Styles and the Design of Network-based Software Architectures},
	year = {2000},
	pagetotal = {180}
}

@book{response-time,
	author = {Nielsen, Jakob},
	address = {Amsterdam [u.a},
	edition = {[Nachdr.]. },
	isbn = {0125184069},
	language = {eng},
	publisher = {Morgan Kaufmann},
	title = {Usability engineering},
	year = {2005}
}

@book{ux,
	author = {Jacobsen, Jens},
	address = {Bonn},
	booktitle = {Praxisbuch Usability und UX was alle wissen sollten, die Websites und Apps entwickeln},
	edition = {3., akt. u. erw. Aufl. },
	isbn = {9783836288408},
	keywords = {User-Experience},
	language = {ger},
	publisher = {Rheinwerk Verlag},
	series = {Rheinwerk computing},
	title = {Praxisbuch Usability und UX: was alle wissen sollten, die Websites und Apps entwickeln},
	year = {2022}
}

